@inproceedings{mikolov2013distributed,
  title={Distributed representations of words and phrases and their compositionality},
  author={Mikolov, Tomas and Sutskever, Ilya and Chen, Kai and Corrado, Greg S and Dean, Jeff},
  booktitle={Advances in neural information processing systems},
  pages={3111--3119},
  year={2013}
}

@inproceedings{rajaraman2011datamining,
  title={Data Mining},
  author={Rajaraman, A. and Ullman, J.D.},
  booktitle={Mining of Massive Datasets},
  pages={1--17},
  year={2011}
}

@misc{MLP,
    title= {{Multilayer perceptron}},
    howpublished = {https://en.wikipedia.org/wiki/Multilayer\_perceptron}
}

@misc{BoW,
	title = {{Bag-of-Words}},
	howpublished = {https://en.wikipedia.org/wiki/Bag-of-words\_model}
}
